<?xml version="1.0" encoding="UTF-8"?><collection xmlns="http://www.loc.gov/MARC21/slim"><record><leader>00422nam--2200145-i-4500</leader><controlfield tag="001">000013742</controlfield><controlfield tag="002">20161230</controlfield><controlfield tag="005">20161230201030</controlfield><controlfield tag="008">060222s1000------------r-----000-0-eng-d</controlfield><datafield ind1=" " ind2=" " tag="080"><subfield code="a">548.73(047.3)</subfield></datafield><datafield ind1=" " ind2=" " tag="100"><subfield code="a">Abdeen, A.M</subfield></datafield><datafield ind1=" " ind2=" " tag="245"><subfield code="a">Crystal structure investigations on cation substituted alums by x-ray and neutron di- ffraction</subfield></datafield><datafield ind1=" " ind2=" " tag="260"><subfield code="a">Julich, Kernforschungsanlage, 1980 Iii+82 P</subfield></datafield><datafield ind1=" " ind2=" " tag="490"><subfield code="a">1653</subfield></datafield><datafield ind1=" " ind2=" " tag="852"><subfield code="a">18670</subfield></datafield></record></collection>